@article{huang2007comparison,
  title={A comparison of collaborative-filtering recommendation algorithms for e-commerce},
  author={Huang, Zan and Zeng, Daniel and Chen, Hsinchun},
  journal={IEEE Intelligent Systems},
  number={5},
  pages={68--78},
  year={2007},
  publisher={IEEE}
}

@inproceedings{hu2008collaborative,
  title={Collaborative filtering for implicit feedback datasets},
  author={Hu, Yifan and Koren, Yehuda and Volinsky, Chris},
  booktitle={Data Mining, 2008. ICDM'08. Eighth IEEE International Conference on},
  pages={263--272},
  year={2008},
  organization={IEEE}
}

@article{koren2009matrix,
  title={Matrix factorization techniques for recommender systems},
  author={Koren, Yehuda and Bell, Robert and Volinsky, Chris},
  journal={Computer},
  number={8},
  pages={30--37},
  year={2009},
  publisher={IEEE}
}

@inproceedings{bennett2007netflix,
  title={The netflix prize},
  author={Bennett, James and Lanning, Stan},
  booktitle={Proceedings of KDD cup and workshop},
  volume={2007},
  pages={35},
  year={2007}
}

@inproceedings{shin2012multi,
  title={Multi-scale link prediction},
  author={Shin, Donghyuk and Si, Si and Dhillon, Inderjit S},
  booktitle={Proceedings of the 21st ACM international conference on Information and knowledge management},
  pages={215--224},
  year={2012},
  organization={ACM}
}


% URL references:
% Modelon AB. JModelica Home Page, 2012. http://jmodelica.org

